@article{einstein,
    author =       "Albert Einstein",
    title =        "{Zur Elektrodynamik bewegter K{\"o}rper}. ({German})
        [{On} the electrodynamics of moving bodies]",
    journal =      "Annalen der Physik",
    volume =       "322",
    number =       "10",
    pages =        "891--921",
    year =         "1905",
    DOI =          "http://dx.doi.org/10.1002/andp.19053221004"
}
 
@book{latexcompanion,
    author    = "Michel Goossens and Frank Mittelbach and Alexander Samarin",
    title     = "The \LaTeX\ Companion",
    year      = "1993",
    publisher = "Addison-Wesley",
    address   = "Reading, Massachusetts"
}
 
@misc{knuthwebsite,
    author    = "Donald Knuth",
    title     = "Knuth: Computers and Typesetting",
    url       = "http://www-cs-faculty.stanford.edu/\~{}uno/abcde.html"
}
@article{spillman2000present,
  title={How to Present a Paper: A Speaker's Guide},
  author={Spillman, Bob and Parberry, Ian},
  journal={North American Membrane Society},
  year={2000},
  publisher={April}
}

@misc{wiki:olsr,
  author = {Wikipedia},
  title = {Optimized Link State Routing Protocol},
  year = {2022},
  url = {https://en.wikipedia.org/wiki/Optimized_Link_State_Routing_Protocol},
  note = {Accessed: 2022-02-22}
}

@misc{coursera,
    author = {University of Illinois at Urbana Champaign},
    title = {Optimized Link State Routing Protocol},
    url = {https://www.coursera.org/learn/iot-communications}
}

@inproceedings{Perkins1994,
  series = {SIGCOMM ’94},
  title = {Highly dynamic Destination-Sequenced Distance-Vector routing (DSDV) for mobile computers},
  url = {http://dx.doi.org/10.1145/190314.190336},
  DOI = {10.1145/190314.190336},
  booktitle = {Proceedings of the conference on Communications architectures,  protocols and applications  - SIGCOMM ’94},
  publisher = {ACM Press},
  author = {Perkins,  Charles E. and Bhagwat,  Pravin},
  year = {1994},
  collection = {SIGCOMM ’94}
}

@inproceedings{Perkins1999,
  title = {Ad-hoc on-demand distance vector routing},
  url = {http://dx.doi.org/10.1109/MCSA.1999.749281},
  DOI = {10.1109/mcsa.1999.749281},
  booktitle = {Proceedings WMCSA’99. Second IEEE Workshop on Mobile Computing Systems and Applications},
  publisher = {IEEE},
  author = {Perkins,  C.E. and Royer,  E.M.},
  year = {1999}
}

@inproceedings{Park,
  series = {INFOCOM-97},
  title = {A highly adaptive distributed routing algorithm for mobile wireless networks},
  url = {http://dx.doi.org/10.1109/INFCOM.1997.631180},
  DOI = {10.1109/infcom.1997.631180},
  booktitle = {Proceedings of INFOCOM ’97},
  publisher = {IEEE Comput. Soc. Press},
  author = {Park,  V.D. and Corson,  M.S.},
  collection = {INFOCOM-97}
}